<?xml version="1.0"?>
<collection>
    <record>
        <leader>01000nam 22002411i 4500</leader>
        <controlfield tag="001">99131340106706421</controlfield>
        <controlfield tag="006">m d f </controlfield>
        <controlfield tag="007">cr bn mmmapmmp</controlfield>
        <controlfield tag="008">120925s2012 mdu o f000 0 eng d</controlfield>
        <datafield tag="035" ind1=" " ind2=" ">
            <subfield code="a">(MiAaPQ)6592903</subfield>
        </datafield>
        <datafield tag="035" ind1=" " ind2=" ">
            <subfield code="a">(CKB)4940000000654000</subfield>
        </datafield>
        <datafield tag="035" ind1=" " ind2=" ">
            <subfield code="a">(EXLCZ)994940000000654000</subfield>
        </datafield>
        <datafield tag="040" ind1=" " ind2=" ">
            <subfield code="a">UMI</subfield>
            <subfield code="b">eng</subfield>
            <subfield code="c">UMI</subfield>
            <subfield code="e">rda</subfield>
        </datafield>
        <datafield tag="043" ind1=" " ind2=" ">
            <subfield code="a">n-us---</subfield>
        </datafield>
        <datafield tag="245" ind1="0" ind2="0">
            <subfield code="a">Aeronautics and Space Reports to the Congress, 1958-1984.</subfield>
        </datafield>
        <datafield tag="264" ind1=" " ind2="1">
            <subfield code="a">Bethesda, Md. :</subfield>
            <subfield code="b">University Publications of America,</subfield>
            <subfield code="c">2012.</subfield>
        </datafield>
        <datafield tag="300" ind1=" " ind2=" ">
            <subfield code="a">1 online resource (49 v.)</subfield>
        </datafield>
        <datafield tag="336" ind1=" " ind2=" ">
            <subfield code="a">text</subfield>
            <subfield code="b">txt</subfield>
            <subfield code="2">rdacontent</subfield>
        </datafield>
        <datafield tag="337" ind1=" " ind2=" ">
            <subfield code="a">computer</subfield>
            <subfield code="b">c</subfield>
            <subfield code="2">rdamedia</subfield>
        </datafield>
        <datafield tag="338" ind1=" " ind2=" ">
            <subfield code="a">online resource</subfield>
            <subfield code="b">cr</subfield>
            <subfield code="2">rdacarrier</subfield>
        </datafield>
        <datafield tag="588" ind1=" " ind2=" ">
            <subfield code="a">Description based on online resource; title from PDF title page
                (ProQuest, viewed Sept. 2012)</subfield>
        </datafield>
        <datafield tag="650" ind1=" " ind2="0">
            <subfield code="a">Astronautics</subfield>
            <subfield code="z">United States</subfield>
            <subfield code="x">History</subfield>
            <subfield code="v">Sources.</subfield>
        </datafield>
        <datafield tag="650" ind1=" " ind2="0">
            <subfield code="a">Manned space flight</subfield>
            <subfield code="x">History</subfield>
            <subfield code="v">Sources.</subfield>
        </datafield>
        <datafield tag="651" ind1=" " ind2="0">
            <subfield code="a">Outer space</subfield>
            <subfield code="x">Exploration</subfield>
            <subfield code="z">United States.</subfield>
        </datafield>
        <datafield tag="610" ind1="1" ind2="0">
            <subfield code="a">United States.</subfield>
            <subfield code="b">National Aeronautics and Space Administration.</subfield>
        </datafield>
        <datafield tag="906" ind1=" " ind2=" ">
            <subfield code="a">DOCUMENT</subfield>
        </datafield>
        <datafield tag="950" ind1=" " ind2=" ">
            <subfield code="c">2025-01-08 09:34:29 US/Eastern</subfield>
            <subfield code="b">2024-07-06 13:37:10 US/Eastern</subfield>
            <subfield code="a">false</subfield>
        </datafield>
        <datafield tag="951" ind1=" " ind2=" ">
            <subfield code="v">2025-01-08 09:34:30 US/Eastern</subfield>
            <subfield code="g">ProQuest</subfield>
            <subfield code="u">System</subfield>
            <subfield code="t">2025-01-08 09:34:29 US/Eastern</subfield>
            <subfield code="x">
                https://na05.alma.exlibrisgroup.com/view/uresolver/01PRI_INST/openurl?u.ignore_date_coverage=true&amp;portfolio_pid=531039222110006421&amp;Force_direct=true</subfield>
            <subfield code="s">System</subfield>
            <subfield code="0">531039222110006421</subfield>
            <subfield code="w">2025-01-08 14:34:29</subfield>
            <subfield code="k"> Available from 01/01/1958 until 01/31/1984.</subfield>
            <subfield code="f">true</subfield>
            <subfield code="m">611039082670006421</subfield>
            <subfield code="n">History Vault: American Politics and Society from Kennedy to
                Watergate, 1960-1975</subfield>
            <subfield code="b">param</subfield>
            <subfield code="1">621039082660006421</subfield>
            <subfield code="c">d?u.ignore_date_coverage=true&amp;rft.mms_id=99131340106706421</subfield>
            <subfield code="a">Available</subfield>
            <subfield code="l">614940000000000441</subfield>
            <subfield code="e">DOCUMENT</subfield>
            <subfield code="8">531039222110006421</subfield>
        </datafield>
        <datafield tag="953" ind1=" " ind2=" ">
            <subfield code="a">531039222110006421</subfield>
            <subfield code="b">1958</subfield>
            <subfield code="c">1984</subfield>
            <subfield code="d">1</subfield>
            <subfield code="e">1</subfield>
            <subfield code="f">1</subfield>
            <subfield code="g">31</subfield>
        </datafield>
    </record>