
    <record>
        <leader>01056nam 22002291i 4500</leader>
        <controlfield tag="001">99131340106806421</controlfield>
        <controlfield tag="006">m d f </controlfield>
        <controlfield tag="007">cr bn mmmapmmp</controlfield>
        <controlfield tag="008">120928s2012 mdu o f000 0 eng d</controlfield>
        <datafield tag="035" ind1=" " ind2=" ">
            <subfield code="a">(MiAaPQ)6592861</subfield>
        </datafield>
        <datafield tag="035" ind1=" " ind2=" ">
            <subfield code="a">(CKB)4940000000654047</subfield>
        </datafield>
        <datafield tag="035" ind1=" " ind2=" ">
            <subfield code="a">(EXLCZ)994940000000654047</subfield>
        </datafield>
        <datafield tag="040" ind1=" " ind2=" ">
            <subfield code="a">UMI</subfield>
            <subfield code="b">eng</subfield>
            <subfield code="c">UMI</subfield>
            <subfield code="e">rda</subfield>
        </datafield>
        <datafield tag="043" ind1=" " ind2=" ">
            <subfield code="a">n-us---</subfield>
        </datafield>
        <datafield tag="245" ind1="0" ind2="0">
            <subfield code="a">Records of President Johnson's Commission on Law Enforcement, Part 1
                :</subfield>
            <subfield code="b">Commission Correspondence and Memoranda.</subfield>
        </datafield>
        <datafield tag="264" ind1=" " ind2="1">
            <subfield code="a">Bethesda, Md. :</subfield>
            <subfield code="b">University Publications of America,</subfield>
            <subfield code="c">2012.</subfield>
        </datafield>
        <datafield tag="300" ind1=" " ind2=" ">
            <subfield code="a">1 online resource (99 v.)</subfield>
        </datafield>
        <datafield tag="336" ind1=" " ind2=" ">
            <subfield code="a">text</subfield>
            <subfield code="b">txt</subfield>
            <subfield code="2">rdacontent</subfield>
        </datafield>
        <datafield tag="337" ind1=" " ind2=" ">
            <subfield code="a">computer</subfield>
            <subfield code="b">c</subfield>
            <subfield code="2">rdamedia</subfield>
        </datafield>
        <datafield tag="338" ind1=" " ind2=" ">
            <subfield code="a">online resource</subfield>
            <subfield code="b">cr</subfield>
            <subfield code="2">rdacarrier</subfield>
        </datafield>
        <datafield tag="588" ind1=" " ind2=" ">
            <subfield code="a">Description based on online resource; title from PDF title page
                (ProQuest, viewed Sept. 2012)</subfield>
        </datafield>
        <datafield tag="650" ind1=" " ind2="0">
            <subfield code="a">Law enforcement</subfield>
            <subfield code="z">United States</subfield>
            <subfield code="x">History</subfield>
            <subfield code="y">20th century</subfield>
            <subfield code="v">Sources.</subfield>
        </datafield>
        <datafield tag="650" ind1=" " ind2="0">
            <subfield code="a">Crime</subfield>
            <subfield code="z">United States</subfield>
            <subfield code="x">History</subfield>
            <subfield code="y">20th century</subfield>
            <subfield code="v">Sources.</subfield>
        </datafield>
        <datafield tag="610" ind1="1" ind2="0">
            <subfield code="a">United States.</subfield>
            <subfield code="b">President's Commission on Law Enforcement and Administration of
                Justice.</subfield>
        </datafield>
        <datafield tag="906" ind1=" " ind2=" ">
            <subfield code="a">DOCUMENT</subfield>
        </datafield>
        <datafield tag="950" ind1=" " ind2=" ">
            <subfield code="c">2025-01-08 09:34:28 US/Eastern</subfield>
            <subfield code="b">2024-07-06 13:37:10 US/Eastern</subfield>
            <subfield code="a">false</subfield>
        </datafield>
        <datafield tag="951" ind1=" " ind2=" ">
            <subfield code="v">2025-01-08 09:34:29 US/Eastern</subfield>
            <subfield code="g">ProQuest</subfield>
            <subfield code="u">System</subfield>
            <subfield code="t">2025-01-08 09:34:28 US/Eastern</subfield>
            <subfield code="x">
                https://na05.alma.exlibrisgroup.com/view/uresolver/01PRI_INST/openurl?u.ignore_date_coverage=true&amp;portfolio_pid=531039222140006421&amp;Force_direct=true</subfield>
            <subfield code="s">System</subfield>
            <subfield code="0">531039222140006421</subfield>
            <subfield code="w">2025-01-08 14:34:28</subfield>
            <subfield code="k"> Available from 10/01/1956 until 06/30/1967.</subfield>
            <subfield code="f">true</subfield>
            <subfield code="m">611039082670006421</subfield>
            <subfield code="n">History Vault: American Politics and Society from Kennedy to
                Watergate, 1960-1975</subfield>
            <subfield code="b">param</subfield>
            <subfield code="1">621039082660006421</subfield>
            <subfield code="c">d?u.ignore_date_coverage=true&amp;rft.mms_id=99131340106806421</subfield>
            <subfield code="a">Available</subfield>
            <subfield code="l">614940000000000441</subfield>
            <subfield code="e">DOCUMENT</subfield>
            <subfield code="8">531039222140006421</subfield>
        </datafield>
        <datafield tag="953" ind1=" " ind2=" ">
            <subfield code="a">531039222140006421</subfield>
            <subfield code="b">1956</subfield>
            <subfield code="c">1967</subfield>
            <subfield code="d">10</subfield>
            <subfield code="e">6</subfield>
            <subfield code="f">1</subfield>
            <subfield code="g">30</subfield>
        </datafield>
    </record>